<?xml version="1.0" encoding="UTF-8"?><collection xmlns="http://www.loc.gov/MARC21/slim"><record><leader>00533nam--2200193-i-4500</leader><controlfield tag="001">000046703</controlfield><controlfield tag="002">20161230</controlfield><controlfield tag="005">20161230201046</controlfield><controlfield tag="008">060222s1000------------r-----000-0-eng-d</controlfield><datafield ind1=" " ind2=" " tag="020"><subfield code="a">0306307464</subfield></datafield><datafield ind1=" " ind2=" " tag="040"><subfield code="a">IFIN-HH</subfield></datafield><datafield ind1=" " ind2=" " tag="080"><subfield code="a">539.124.143:539.2</subfield></datafield><datafield ind1="1" ind2=" " tag="100"><subfield code="a">Sorin, L.A</subfield></datafield><datafield ind1="1" ind2="0" tag="245"><subfield code="a">Electron spin resonance of paramagnetic crystals</subfield><subfield code="c">L.a. sorin, m.v. vlasova</subfield></datafield><datafield ind1=" " ind2=" " tag="260"><subfield code="a">New York-london</subfield><subfield code="b">Plenum Press</subfield><subfield code="c">1973</subfield></datafield><datafield ind1=" " ind2=" " tag="300"><subfield code="a">XII + 254 P</subfield></datafield><datafield ind1="1" ind2=" " tag="700"><subfield code="a">Vlasova, M.V</subfield></datafield><datafield ind1=" " ind2=" " tag="852"><subfield code="a">42272</subfield><subfield code="c">539.143.43</subfield></datafield><datafield ind1=" " ind2=" " tag="CAT"><subfield code="a">Sys</subfield><subfield code="c">20120509</subfield><subfield code="h">143103</subfield></datafield></record></collection>